<?xml version="1.0" encoding="UTF-8"?><collection xmlns="http://www.loc.gov/MARC21/slim"><record><leader>00494nam--2200145-i-4500</leader><controlfield tag="001">000006955</controlfield><controlfield tag="002">20161230</controlfield><controlfield tag="005">20170222182321</controlfield><controlfield tag="008">060222s1000------------r-----000-0-eng-d</controlfield><datafield ind1=" " ind2=" " tag="245"><subfield code="a">The determination of beryllium. Handbook of chemical and radiometric methods for its determination in ores, concentrates and low-grade sources</subfield></datafield><datafield ind1=" " ind2=" " tag="260"><subfield code="a">London</subfield><subfield code="b">Her Majesty S Stationery Office</subfield><subfield code="c">1963</subfield></datafield><datafield ind1=" " ind2=" " tag="300"><subfield code="a">35 p</subfield></datafield><datafield ind1=" " ind2=" " tag="490"><subfield code="a">National Chemical Laboratory</subfield></datafield><datafield ind1=" " ind2=" " tag="852"><subfield code="a">543</subfield></datafield><datafield ind1=" " ind2=" " tag="CAT"><subfield code="a">SYS</subfield><subfield code="c">20170222</subfield><subfield code="h">182321</subfield></datafield></record></collection>